<record><leader>00000cas a22000007a 4500</leader><controlfield tag="001">9764204</controlfield><controlfield tag="008">830801d19141uuunyuwr ne      0    0eng d</controlfield><controlfield tag="009">3781</controlfield><datafield ind1=" " ind2=" " tag="010"><subfield code="a">sn 83031049 </subfield></datafield><datafield ind1=" " ind2=" " tag="040"><subfield code="a">NPU</subfield><subfield code="b">eng</subfield><subfield code="c">NPU</subfield><subfield code="d">OCLCQ</subfield></datafield><datafield ind1=" " ind2=" " tag="042"><subfield code="a">msc</subfield></datafield><datafield ind1="0" ind2="0" tag="245"><subfield code="a">West side argus.</subfield></datafield><datafield ind1=" " ind2=" " tag="260"><subfield code="a">New York :</subfield><subfield code="b">Village Pub. Society,</subfield><subfield code="c">1914-</subfield></datafield><datafield ind1=" " ind2=" " tag="300"><subfield code="a">v. :</subfield><subfield code="b">ill. ;</subfield><subfield code="c">54 cm.</subfield></datafield><datafield ind1=" " ind2=" " tag="310"><subfield code="a">Weekly</subfield></datafield><datafield ind1="0" ind2=" " tag="362"><subfield code="a">Vol. 1, no. 1 (Dec. 19, 1914)-</subfield></datafield><datafield ind1=" " ind2=" " tag="500"><subfield code="a">"The paper of the people of old Greenwhich Village and Chelsea."</subfield></datafield><datafield ind1=" " ind2=" " tag="500"><subfield code="a">Published every Saturday.</subfield></datafield><datafield ind1=" " ind2=" " tag="752"><subfield code="a">United States</subfield><subfield code="b">New York</subfield><subfield code="c">New York</subfield><subfield code="d">New York.</subfield></datafield></record>